@inproceedings{geuvers1994short,
  title={A short and flexible proof of Strong Normalization for the Calculus of Constructions},
  author={Geuvers, Herman},
  booktitle={International Workshop on Types for Proofs and Programs},
  pages={14--38},
  year={1994},
  organization={Springer}
}
@book{girard1989proofs,
  title={Proofs and types},
  author={Girard, Jean-Yves and Taylor, Paul and Lafont, Yves},
  volume={7},
  year={1989},
  publisher={Cambridge university press Cambridge}
}
@article{高橋正子1991計算論,
  title={計算論 計算可能性とラムダ計算},
  author={高橋正子},
  journal={コンピュータサイエンス大学講座},
  year={1991},
  publisher={近代科学社}
}
